<record><leader>00000cas a2200000 i 4500</leader><controlfield tag="001">15045881</controlfield><controlfield tag="008">870108d18951971inudr ne      0    0eng c</controlfield><datafield ind1=" " ind2=" " tag="010"><subfield code="a">sn 87055033 </subfield></datafield><datafield ind1=" " ind2=" " tag="040"><subfield code="a">NPI</subfield><subfield code="b">eng</subfield><subfield code="e">rda</subfield><subfield code="c">NPI</subfield><subfield code="d">OCLCQ</subfield><subfield code="d">IUL</subfield><subfield code="d">OCLCF</subfield></datafield><datafield ind1=" " ind2=" " tag="042"><subfield code="a">pcc</subfield></datafield><datafield ind1=" " ind2=" " tag="043"><subfield code="a">n-us-in</subfield></datafield><datafield ind1="0" ind2="4" tag="245"><subfield code="a">The Tipton daily tribune.</subfield></datafield><datafield ind1=" " ind2="1" tag="264"><subfield code="a">Tipton, Ind. :</subfield><subfield code="b">Ramsay &amp; O'Banion,</subfield><subfield code="c">-1971.</subfield></datafield><datafield ind1=" " ind2=" " tag="300"><subfield code="a">volumes</subfield></datafield><datafield ind1=" " ind2=" " tag="310"><subfield code="a">Daily</subfield></datafield><datafield ind1=" " ind2=" " tag="336"><subfield code="a">text</subfield><subfield code="b">txt</subfield><subfield code="2">rdacontent</subfield></datafield><datafield ind1=" " ind2=" " tag="337"><subfield code="a">unmediated</subfield><subfield code="b">n</subfield><subfield code="2">rdamedia</subfield></datafield><datafield ind1=" " ind2=" " tag="338"><subfield code="a">volume</subfield><subfield code="b">nc</subfield><subfield code="2">rdacarrier</subfield></datafield><datafield ind1="1" ind2=" " tag="362"><subfield code="a">Began in Oct. 1895.</subfield></datafield><datafield ind1="0" ind2=" " tag="362"><subfield code="a">-volume 76, no. 93 (April 20, 1971).</subfield></datafield><datafield ind1=" " ind2=" " tag="580"><subfield code="a">Weekly ed.: Evening tribune (Tipton, Ind.).</subfield></datafield><datafield ind1=" " ind2=" " tag="588"><subfield code="a">Description based on: Volume XII, number 197 (May 17, 1907); title from masthead, U.S. Newspaper Archive (viewed June 6, 2017).</subfield></datafield><datafield ind1=" " ind2="0" tag="651"><subfield code="a">Tipton (Ind.)</subfield><subfield code="v">Newspapers.</subfield></datafield><datafield ind1=" " ind2="0" tag="651"><subfield code="a">Tipton County (Ind.)</subfield><subfield code="v">Newspapers.</subfield></datafield><datafield ind1=" " ind2="7" tag="651"><subfield code="a">Indiana</subfield><subfield code="z">Tipton.</subfield><subfield code="2">fast</subfield><subfield code="0">(OCoLC)fst01238721</subfield></datafield><datafield ind1=" " ind2="7" tag="651"><subfield code="a">Indiana</subfield><subfield code="z">Tipton County.</subfield><subfield code="2">fast</subfield><subfield code="0">(OCoLC)fst01206429</subfield></datafield><datafield ind1=" " ind2="7" tag="655"><subfield code="a">Newspapers.</subfield><subfield code="2">fast</subfield><subfield code="0">(OCoLC)fst01423814</subfield></datafield><datafield ind1=" " ind2=" " tag="752"><subfield code="a">United States</subfield><subfield code="b">Indiana</subfield><subfield code="c">Tipton</subfield><subfield code="d">Tipton.</subfield></datafield><datafield ind1="1" ind2=" " tag="775"><subfield code="t">Evening tribune (Tipton, Ind.)</subfield><subfield code="w">(DLC)sn 89099002</subfield><subfield code="w">(OCoLC)19780667</subfield></datafield><datafield ind1="0" ind2="0" tag="785"><subfield code="t">Daily Tipton tribune</subfield><subfield code="w">(DLC)sn 87055034</subfield><subfield code="w">(OCoLC)15045948</subfield></datafield><datafield ind1="4" ind2="1" tag="856"><subfield code="u">https://access.newspaperarchive.com/us/indiana/tipton/tipton-daily-tribune/</subfield></datafield><datafield ind1="4" ind2="1" tag="856"><subfield code="u">https://access.newspaperarchive.com/us/indiana/tipton/tipton-tribune/</subfield></datafield></record>